@misc{http,
title = {{The Go Programming Language, package http}},
note = {on-line at: \url{https://golang.org/pkg/net/http/}},
    year = {2017}
}

@misc{template,
title = {{The Go Programming Language, package template}},
note = {on-line at: \url{https://golang.org/pkg/html/template/}},
    year = {2017}
}

@misc{image,
title = {{The Go Programming Language, package image}},
note = {on-line at: \url{https://golang.org/pkg/image/}},
    year = {2017}
}

@misc{gift,
title = {{The Go Programming Language, package gift}},
note = {on-line at: \url{https://godoc.org/github.com/disintegration/gift}},
    year = {2017}
}

@misc{sync,
title = {{The Go Programming Language, package sync}},
note = {on-line at: \url{https://golang.org/pkg/sync/}},
    year = {2017}
}

@misc{time,
title = {{The Go Programming Language, package time}},
note = {on-line at: \url{https://golang.org/pkg/time/}},
    year = {2017}
}
